@article{AdelsonBergen,
	author = 		{E. H. Adelson and J. Bergen},
	title = 		{The Plenoptic Function and the Elements of Early Vision},
	journal = 		{Computational Models of Visual Processing},
	year = 			{1991},
	pages = 		{3--20},
	publisher = 	{MIT Press},
	address = 		{Cambridge, MA}
}

@article{WetzsteinTomo,
	author = 		{G. Wetzstein and D. Lanman and W. Heidrich and R. Raskar},
	title = 		{Layered {3D}: Tomographic Image Synthesis for Attenuation-based Light Field and High Dynamic Range Displays},
	journal = 		{ACM Trans. Graph.},
	volume = 		{30},
	number = 		{4},
	year = 			{2011},
	publisher = 	{ACM},
	address = 		{New York, NY, USA}
}

@article{WetzsteinTensor,
	author = 		{G. Wetzstein and D. Lanman and M. Hirsch and R. Raskar},
	title = 		{Tensor Displays: Compressive Light Field Synthesis using Multilayer Displays with Directional Backlighting},
	journal = 		{ACM Trans. Graph. (Proc. SIGGRAPH)},
	volume = 		{31},
	number = 		{4},
	year = 			{2012},
	publisher = 	{ACM},
	pages = 		{1--11},
	address = 		{New York, NY, USA}
}

@article{ConvergenceSART,
	author = 		{M. Yan},
	title = 		{Convergence Analysis of {SART} by Bregman Iteration and Dual Gradient Descent},
	year = 			{2010},
	pages = 		{1--15},
	address = 		{Department of Mathematics, University of California, Los Angeles, CA 90095}
}

@article{ConvergenceSART2, 
	author = 		{M. Jiang and G. Wang}, 
	title = 		{Convergence of the Simultaneous Algebraic Reconstruction Technique ({SART})}, 
	year = 			{2001}, 
	journal = 		{Conference Record of the Thirty-Fifth Asilomar Conference on Signals, Systems and Computers}, 
	pages = 		{360--364},
	volume = 		{1}
}

@article{SART,
	author = 		{A. H. Andersen and A. C. Kak},
	title = 		{Simultaneous Algebraic Reconstruction Technique ({SART}): A Superior Implementation of the {ART} Algorithm},
	journal = 		{Ultrasonic Imaging},
	number = 		{1},
	pages = 		{81--94},
	volume = 		{6},
	year = 			{1984}
}

@article{EPI,
	author = 		{R. Bolles and H. Baker and D. Marimont},
	journal = 		{International Journal of Computer Vision},
	pages = 		{7--55},
	title = 		{Epipolar-plane image analysis: An approach to determining structure from motion},
	year = 			{1987}
}

@article{LinearVolumetricFocus,
	author = 		{D. G. Dansereau and O. Pizarro and S. B. Williams},
	title = 		{Linear Volumetric Focus for Light Field Cameras},
	year = 			{2015},
	journal = 		{ACM Transactions on Graphics},
	volume = 		{34},
	number = 		{15}
}

@inproceedings{DynamicallyReparameterizedLF,
	author = 		{A. Isaksen and L. McMillan and S. Gortler},
	title = 		{Dynamically Reparameterized Light Fields},
	year = 			{2000},
	booktitle = 	{Proceedings of the International Conference on Computer Graphics and Interactive Techniques (SIGGRAPH '00)},
	pages = 		{297--306}
}

@inproceedings{LightFieldRendering, 
	author = 		{M. Levoy and P. Hanrahan}, 
	title = 		{Light Field Rendering}, 
	year = 			{1996}, 
	booktitle = 	{Proceedings of the International Conference on Computer Graphics and Interactive Techniques (SIGGRAPH '96)},
	pages = 		{31--42}
}

@inproceedings{PlenopticSampling, 
	author = 		{J. Chai and X. Tong and S. Chan and H. Shum},
	title = 		{Plenoptic Sampling},
	year = 			{2000},
	booktitle = 	{Proceedings of the International Conference on Computer Graphics and Interactive Techniques (SIGGRAPH '00)},
	pages = 		{307--318}
}
