@Article{WETZ_TOMO,
	author = {G. Wetzstein and D. Lanman and W. Heidrich and R. Raskar},
	title = {Layered {3D}: Tomographic Image Synthesis for Attenuation-based Light Field and High Dynamic Range Displays},
	journal = {ACM Trans. Graph.},
	volume = {30},
	number = {4},
	year = {2011},
	publisher = {ACM},
	address = {New York, NY, USA}
}

@Article{WETZ_TENS,
  	author = {G. Wetzstein and D. Lanman and M. Hirsch and R. Raskar},
  	title = {{Tensor Displays: Compressive Light Field Synthesis using Multilayer Displays with Directional Backlighting}},
  	journal = {ACM Trans. Graph. (Proc. SIGGRAPH)},
  	volume = {31},
  	number = {4},
  	year = {2012},
  	publisher = {ACM},
  	pages = {1-11},
  	address = {New York, NY, USA}
}

@Article{LEVO_LFREN, 
	author = {M. Levoy and P. Hanrahan}, 
	title = {Light Field Rendering}, 
	journal = {?}, 
	volume = {?}, 
	number = {?}, 
	year = {1996}, 
	publisher = {?},
	pages = {1-12},
	address = {?}
}

@Article{CONV_SART,
	author = {Ming Yan},
	title = {Convergence Analysis of SART by Bregman Iteration and Dual Gradient Descent},
	journal = {?},
	year = {2010},
	pages = {1-15},
	address = {Department of Mathematics, University of California, Los Angeles, CA 90095}
}

